<record><leader>00000cas a2200000 a 4500</leader><controlfield tag="001">12048347</controlfield><controlfield tag="008">850517u198uuuuucauwr ne      0   a0eng c</controlfield><datafield ind1=" " ind2=" " tag="010"><subfield code="a">sn 85007487 </subfield></datafield><datafield ind1=" " ind2=" " tag="040"><subfield code="a">NSD</subfield><subfield code="b">eng</subfield><subfield code="c">NSD</subfield><subfield code="d">DLC</subfield><subfield code="d">NSD</subfield><subfield code="d">CNK</subfield><subfield code="d">DLC</subfield><subfield code="d">OCLCQ</subfield><subfield code="d">DLC</subfield><subfield code="d">OCLCQ</subfield><subfield code="d">DLC</subfield><subfield code="d">OCLCQ</subfield><subfield code="d">OCLCF</subfield><subfield code="d">OCLCQ</subfield></datafield><datafield ind1="0" ind2=" " tag="022"><subfield code="a">0883-0665</subfield><subfield code="l">0883-0665</subfield><subfield code="2">1</subfield></datafield><datafield ind1=" " ind2=" " tag="032"><subfield code="a">742150</subfield><subfield code="b">USPS</subfield></datafield><datafield ind1="0" ind2=" " tag="041"><subfield code="a">eng</subfield><subfield code="a">pan</subfield></datafield><datafield ind1=" " ind2=" " tag="042"><subfield code="a">nsdp</subfield><subfield code="a">pcc</subfield></datafield><datafield ind1=" " ind2=" " tag="043"><subfield code="a">n-us-ca</subfield></datafield><datafield ind1="0" ind2="0" tag="050"><subfield code="a">Newspaper</subfield></datafield><datafield ind1="1" ind2="0" tag="082"><subfield code="a">071</subfield><subfield code="2">12</subfield></datafield><datafield ind1="0" ind2=" " tag="210"><subfield code="a">World Sikh news</subfield></datafield><datafield ind1=" " ind2="0" tag="222"><subfield code="a">World Sikh news</subfield></datafield><datafield ind1="0" ind2="0" tag="245"><subfield code="a">World Sikh news.</subfield></datafield><datafield ind1="1" ind2="3" tag="246"><subfield code="a">Waralad&#803;a Sikhkha niu&#772;za</subfield><subfield code="f">&lt;Sept. 6, 1991-&gt;</subfield></datafield><datafield ind1=" " ind2=" " tag="260"><subfield code="a">Stockton, CA :</subfield><subfield code="b">World Sikh News</subfield></datafield><datafield ind1=" " ind2=" " tag="300"><subfield code="a">volumes</subfield></datafield><datafield ind1=" " ind2=" " tag="310"><subfield code="a">Weekly (except Christmas week),</subfield><subfield code="b">&lt;Sept. 1991-&gt;</subfield></datafield><datafield ind1=" " ind2=" " tag="321"><subfield code="a">Weekly,</subfield><subfield code="b">&lt;Feb. 1, 1985-Apr. 26, 1985&gt;</subfield></datafield><datafield ind1=" " ind2=" " tag="336"><subfield code="a">text</subfield><subfield code="b">txt</subfield><subfield code="2">rdacontent</subfield></datafield><datafield ind1=" " ind2=" " tag="337"><subfield code="a">unmediated</subfield><subfield code="b">n</subfield><subfield code="2">rdamedia</subfield></datafield><datafield ind1=" " ind2=" " tag="338"><subfield code="a">volume</subfield><subfield code="b">nc</subfield><subfield code="2">rdacarrier</subfield></datafield><datafield ind1=" " ind2=" " tag="530"><subfield code="a">Available on microfilm from the Library of Congress, Photoduplication Service.</subfield></datafield><datafield ind1=" " ind2=" " tag="546"><subfield code="a">Issues for &lt;Sept. 6, 1991-&gt; in English and Panjabi.</subfield></datafield><datafield ind1=" " ind2=" " tag="588"><subfield code="a">Description based on: Vol. 1, no. 6 (Feb. 1, 1985).</subfield></datafield><datafield ind1=" " ind2=" " tag="588"><subfield code="a">Latest issue consulted: Vol. 12, no. 44 (Nov. 6/12, 1996).</subfield></datafield><datafield ind1=" " ind2="0" tag="650"><subfield code="a">Sikhs</subfield><subfield code="z">United States</subfield><subfield code="v">Newspapers.</subfield></datafield><datafield ind1=" " ind2="0" tag="651"><subfield code="a">Stockton (Calif.)</subfield><subfield code="v">Newspapers.</subfield></datafield><datafield ind1=" " ind2="7" tag="650"><subfield code="a">Sikhs.</subfield><subfield code="2">fast</subfield><subfield code="0">(OCoLC)fst01118436</subfield></datafield><datafield ind1=" " ind2="7" tag="651"><subfield code="a">California</subfield><subfield code="z">Stockton.</subfield><subfield code="2">fast</subfield><subfield code="0">(OCoLC)fst01206576</subfield></datafield><datafield ind1=" " ind2="7" tag="651"><subfield code="a">United States.</subfield><subfield code="2">fast</subfield><subfield code="0">(OCoLC)fst01204155</subfield></datafield><datafield ind1=" " ind2="7" tag="655"><subfield code="a">Newspapers.</subfield><subfield code="2">fast</subfield><subfield code="0">(OCoLC)fst01423814</subfield></datafield><datafield ind1=" " ind2=" " tag="752"><subfield code="a">United States</subfield><subfield code="b">California</subfield><subfield code="c">San Joaquin</subfield><subfield code="d">Stockton.</subfield></datafield><datafield ind1="1" ind2=" " tag="029"><subfield code="a">AU@</subfield><subfield code="b">000020375829</subfield></datafield></record>